@inproceedings{Karras2019stylegan2,
  title     = {Analyzing and Improving the Image Quality of {StyleGAN}},
  author    = {Tero Karras and Samuli Laine and Miika Aittala and Janne Hellsten and Jaakko Lehtinen and Timo Aila},
  booktitle = {Proc. CVPR},
  year      = {2020}
}

@misc{serengil_2021,
  title={Age and gender prediction with deep learning in opencv},
  note={Available at https://sefiks.com/2020/09/07/age-and-gender-prediction-with-deep-learning-in-opencv/},
  journal={Sefik Ilkin Serengil},
  author={Serengil, Sefik},
  year={2021},
  month={May}
}

 @misc{guoquanhao_2019,
  title={shape predictor 68 face landmarks.dat},
  note={Available at https://github.com/GuoQuanhao/68\_points/blob/5062450a98a958501ff307703f5721f8fb11692d/shape\_predictor\_68\_face\_landmarks.dat},
  journal={GitHub},
  author={GuoQuanhao},
  year={2019},
  month={Nov}
}

 @misc{there_2019, title={Face swapping (explained in 8 steps) - opencv with python},
 note={Available at https://pysource.com/2019/05/28/face-swapping-explained-in-8-steps-opencv-with-python/},
 journal={Pysource},
 author={Sergio CanuHi},
 year={2019},
 month={Jun}
 }
